<record><leader>00000cas a22000007a 4500</leader><controlfield tag="001">11107038</controlfield><controlfield tag="008">840830d19651971nyuwr ne      0   a0eng d</controlfield><datafield ind1=" " ind2=" " tag="010"><subfield code="a">sn 84031539 </subfield></datafield><datafield ind1=" " ind2=" " tag="040"><subfield code="a">NYG</subfield><subfield code="b">eng</subfield><subfield code="c">NYG</subfield><subfield code="d">NYS</subfield><subfield code="d">OCLCQ</subfield></datafield><datafield ind1=" " ind2=" " tag="042"><subfield code="a">msc</subfield></datafield><datafield ind1="0" ind2="4" tag="245"><subfield code="a">The Messenger and gazette &amp; farmers' journal.</subfield></datafield><datafield ind1=" " ind2=" " tag="260"><subfield code="a">Baldwinsville, N.Y. :</subfield><subfield code="b">Onon-Town Pub. Co.,</subfield><subfield code="c">1965-1971.</subfield></datafield><datafield ind1=" " ind2=" " tag="300"><subfield code="a">v. :</subfield><subfield code="b">ill.</subfield></datafield><datafield ind1=" " ind2=" " tag="310"><subfield code="a">Weekly</subfield></datafield><datafield ind1="0" ind2=" " tag="362"><subfield code="a">Vol. 118, no. 27 (Apr. 1, 1965)-v. 124, no. 41 (July 7, 1971).</subfield></datafield><datafield ind1=" " ind2=" " tag="515"><subfield code="a">Continues the vol. numbering of: Gazette and farmers' journal.</subfield></datafield><datafield ind1=" " ind2=" " tag="530"><subfield code="a">Available on microfilm from Syracuse Microfilm Co.</subfield></datafield><datafield ind1=" " ind2="4" tag="651"><subfield code="a">Baldwinsville (N.Y.)</subfield><subfield code="v">Newspapers.</subfield></datafield><datafield ind1=" " ind2=" " tag="752"><subfield code="a">United States</subfield><subfield code="b">New York</subfield><subfield code="c">Onondaga</subfield><subfield code="d">Baldwinsville.</subfield></datafield><datafield ind1="0" ind2="4" tag="780"><subfield code="t">Messenger (Baldwinsville, N.Y. : 1940)</subfield><subfield code="w">(DLC)sn 84031538</subfield></datafield><datafield ind1="0" ind2="4" tag="780"><subfield code="t">Gazette and farmers' journal</subfield><subfield code="w">(DLC)sn 84031019</subfield></datafield><datafield ind1="0" ind2="0" tag="785"><subfield code="t">Messenger (Baldwinsville, N.Y. : 1971)</subfield><subfield code="w">(DLC)sn 88074585</subfield><subfield code="w">(OCoLC)18229927</subfield></datafield><datafield ind1="1" ind2=" " tag="029"><subfield code="a">AU@</subfield><subfield code="b">000020528088</subfield></datafield></record>